@article{DINO,
  author    = {Mathilde Caron and
               Hugo Touvron and
               Ishan Misra and
               Herv{\'{e}} J{\'{e}}gou and
               Julien Mairal and
               Piotr Bojanowski and
               Armand Joulin},
  title     = {Emerging Properties in Self-Supervised Vision Transformers},
  journal   = {CoRR},
  volume    = {abs/2104.14294},
  year      = {2021},
  url       = {https://arxiv.org/abs/2104.14294},
  eprinttype = {arXiv},
  eprint    = {2104.14294},
  timestamp = {Tue, 04 May 2021 15:12:43 +0200},
  biburl    = {https://dblp.org/rec/journals/corr/abs-2104-14294.bib},
  bibsource = {dblp computer science bibliography, https://dblp.org}
}


@article{ImageStyleTransformer,
  author    = {Yingying Deng and
               Fan Tang and
               Xingjia Pan and
               Weiming Dong and
               Chongyang Ma and
               Changsheng Xu},
  title     = {StyTr{\^{}}2: Unbiased Image Style Transfer with Transformers},
  journal   = {CoRR},
  volume    = {abs/2105.14576},
  year      = {2021},
  url       = {https://arxiv.org/abs/2105.14576},
  eprinttype = {arXiv},
  eprint    = {2105.14576},
  timestamp = {Wed, 02 Jun 2021 11:46:42 +0200},
  biburl    = {https://dblp.org/rec/journals/corr/abs-2105-14576.bib},
  bibsource = {dblp computer science bibliography, https://dblp.org}
}


https://www.bmvc2021-virtualconference.com/assets/papers/0244.pdf

@article{DepthEstimation2,
  author    = {Zhaoshuo Li and
               Xingtong Liu and
               Francis X. Creighton and
               Russell H. Taylor and
               Mathias Unberath},
  title     = {Revisiting Stereo Depth Estimation From a Sequence-to-Sequence Perspective
               with Transformers},
  journal   = {CoRR},
  volume    = {abs/2011.02910},
  year      = {2020},
  url       = {https://arxiv.org/abs/2011.02910},
  eprinttype = {arXiv},
  eprint    = {2011.02910},
  timestamp = {Mon, 09 Nov 2020 10:30:14 +0100},
  biburl    = {https://dblp.org/rec/journals/corr/abs-2011-02910.bib},
  bibsource = {dblp computer science bibliography, https://dblp.org}
}

@article{DepthEstimationAnalysis?,
  author    = {Arnav Varma and
               Hemang Chawla and
               Bahram Zonooz and
               Elahe Arani},
  title     = {Transformers in Self-Supervised Monocular Depth Estimation with Unknown
               Camera Intrinsics},
  journal   = {CoRR},
  volume    = {abs/2202.03131},
  year      = {2022},
  url       = {https://arxiv.org/abs/2202.03131},
  eprinttype = {arXiv},
  eprint    = {2202.03131},
  timestamp = {Wed, 09 Feb 2022 15:43:35 +0100},
  biburl    = {https://dblp.org/rec/journals/corr/abs-2202-03131.bib},
  bibsource = {dblp computer science bibliography, https://dblp.org}
}