@article{DINO,
  author    = {Mathilde Caron and
               Hugo Touvron and
               Ishan Misra and
               Herv{\'{e}} J{\'{e}}gou and
               Julien Mairal and
               Piotr Bojanowski and
               Armand Joulin},
  title     = {Emerging Properties in Self-Supervised Vision Transformers},
  journal   = {CoRR},
  volume    = {abs/2104.14294},
  year      = {2021},
  url       = {https://arxiv.org/abs/2104.14294},
  eprinttype = {arXiv},
  eprint    = {2104.14294},
  timestamp = {Tue, 04 May 2021 15:12:43 +0200},
  biburl    = {https://dblp.org/rec/journals/corr/abs-2104-14294.bib},
  bibsource = {dblp computer science bibliography, https://dblp.org}
}


@article{ImageStyleTransformer,
  author    = {Yingying Deng and
               Fan Tang and
               Xingjia Pan and
               Weiming Dong and
               Chongyang Ma and
               Changsheng Xu},
  title     = {StyTr{\^{}}2: Unbiased Image Style Transfer with Transformers},
  journal   = {CoRR},
  volume    = {abs/2105.14576},
  year      = {2021},
  url       = {https://arxiv.org/abs/2105.14576},
  eprinttype = {arXiv},
  eprint    = {2105.14576},
  timestamp = {Wed, 02 Jun 2021 11:46:42 +0200},
  biburl    = {https://dblp.org/rec/journals/corr/abs-2105-14576.bib},
  bibsource = {dblp computer science bibliography, https://dblp.org}
}


@article{ContentBlock,
  author    = {Dmytro Kotovenko and
               Artsiom Sanakoyeu and
               Pingchuan Ma and
               Sabine Lang and
               Bj{\"{o}}rn Ommer},
  title     = {A Content Transformation Block For Image Style Transfer},
  journal   = {CoRR},
  volume    = {abs/2003.08407},
  year      = {2020},
  url       = {https://arxiv.org/abs/2003.08407},
  eprinttype = {arXiv},
  eprint    = {2003.08407},
  timestamp = {Tue, 24 Mar 2020 16:42:29 +0100},
  biburl    = {https://dblp.org/rec/journals/corr/abs-2003-08407.bib},
  bibsource = {dblp computer science bibliography, https://dblp.org}
}

@article{ArtFlow,
  author    = {Jie An and
               Siyu Huang and
               Yibing Song and
               Dejing Dou and
               Wei Liu and
               Jiebo Luo},
  title     = {ArtFlow: Unbiased Image Style Transfer via Reversible Neural Flows},
  journal   = {CoRR},
  volume    = {abs/2103.16877},
  year      = {2021},
  url       = {https://arxiv.org/abs/2103.16877},
  eprinttype = {arXiv},
  eprint    = {2103.16877},
  timestamp = {Wed, 07 Apr 2021 15:31:46 +0200},
  biburl    = {https://dblp.org/rec/journals/corr/abs-2103-16877.bib},
  bibsource = {dblp computer science bibliography, https://dblp.org}
}

@article{CycleGAN,
  author    = {Jun{-}Yan Zhu and
               Taesung Park and
               Phillip Isola and
               Alexei A. Efros},
  title     = {Unpaired Image-to-Image Translation using Cycle-Consistent Adversarial
               Networks},
  journal   = {CoRR},
  volume    = {abs/1703.10593},
  year      = {2017},
  url       = {http://arxiv.org/abs/1703.10593},
  eprinttype = {arXiv},
  eprint    = {1703.10593},
  timestamp = {Mon, 13 Aug 2018 16:48:06 +0200},
  biburl    = {https://dblp.org/rec/journals/corr/ZhuPIE17.bib},
  bibsource = {dblp computer science bibliography, https://dblp.org}
}

@INPROCEEDINGS{CNNStyleTransfer,
  author={Gatys, Leon A. and Ecker, Alexander S. and Bethge, Matthias},
  booktitle={2016 IEEE Conference on Computer Vision and Pattern Recognition (CVPR)}, 
  title={Image Style Transfer Using Convolutional Neural Networks}, 
  year={2016},
  volume={},
  number={},
  pages={2414-2423},
  doi={10.1109/CVPR.2016.265}
}




